<record><leader>00000cas a22000007a 4500</leader><controlfield tag="001">15481931</controlfield><controlfield tag="008">870403d18461846inuwr ne      0    0eng d</controlfield><datafield ind1=" " ind2=" " tag="010"><subfield code="a">sn 87055491 </subfield></datafield><datafield ind1=" " ind2=" " tag="040"><subfield code="a">NPI</subfield><subfield code="b">eng</subfield><subfield code="c">NPI</subfield><subfield code="d">OCLCQ</subfield></datafield><datafield ind1=" " ind2=" " tag="042"><subfield code="a">msc</subfield></datafield><datafield ind1="0" ind2="0" tag="245"><subfield code="a">Delphi Republican.</subfield></datafield><datafield ind1=" " ind2=" " tag="260"><subfield code="a">Delphi, Carroll Co., Ind. :</subfield><subfield code="b">J.R. Horsley,</subfield><subfield code="c">-1846.</subfield></datafield><datafield ind1=" " ind2=" " tag="310"><subfield code="a">Weekly</subfield></datafield><datafield ind1="1" ind2=" " tag="362"><subfield code="a">Began with July 18, 1846 issue.</subfield></datafield><datafield ind1="0" ind2=" " tag="362"><subfield code="a">-v. 1, no. 7 (Sept. 5, 1846).</subfield></datafield><datafield ind1=" " ind2=" " tag="588"><subfield code="a">Description based on: Vol. 1, no. 2 (July 25, 1846).</subfield></datafield><datafield ind1=" " ind2=" " tag="752"><subfield code="a">United States</subfield><subfield code="b">Indiana</subfield><subfield code="c">Carroll</subfield><subfield code="d">Delphi.</subfield></datafield><datafield ind1="0" ind2="0" tag="785"><subfield code="t">Western Republican (Delphi, Ind.)</subfield><subfield code="w">(DLC)sn 86058997</subfield></datafield></record>